
% 3
@article{RN73,
  author   = {Al-Shamma'a, A. I. and Shaw, A. and Saman, S.},
  title    = {Propagation of electromagnetic waves at MHz frequencies through seawater},
  journal  = {IEEE Transactions on Antennas and Propagation},
  volume   = {52},
  number   = {11},
  pages    = {2843-2849},
  keywords = {attenuation
              conductivity and transmitter and receiver systems
              electromagnetic (em) waves
              maxwell's equations
              underwater communications},
  issn     = {0018-926x},
  doi      = {10.1109/Tap.2004.834449},
  url      = {<Go to ISI>://WOS:000225054200004},
  year     = {2004},
  type     = {Journal Article}
}

% 4
@article{RN35,
  author   = {Hassanien, Aboulnasr and Amin, Moeness G. and Zhang, Yimin D. and Ahmad, Fauzia},
  title    = {Phase-modulation based dual-function radar-communications},
  journal  = {IET Radar, Sonar & Navigation},
  volume   = {10},
  number   = {8},
  keywords = {phase modulation
              array signal processing
              binary sequences
              radar signal processing
              novel phase-modulation based dual-function radar-communications
              transmit beamforming weight vectors
              radar pulse
              communication receiver
              embedded binary sequence
              improved bit error performance
              sidelobe modulation based dual-functionality techniques},
  issn     = {1751-8784},
  year     = {2016},
  type     = {Journal Article}
}

% 5
@article{RN33,
  author   = {Wang, Y. and Shi, Z. and Ma, X. and Liu, L.},
  title    = {A Joint Sonar-Communication System Based on Multicarrier Waveforms},
  journal  = {IEEE Signal Processing Letters},
  volume   = {29},
  pages    = {777-781},
  keywords = {ofdm
              code division multiplexing
              detectors
              receivers
              sonar
              channel models
              fading channels
              multicarrier
              ofdm
              ocdm
              sonar-communication
              underwater communication
              detection
              radar
              performance
              design},
  issn     = {1558-2361},
  doi      = {10.1109/LSP.2021.3106889},
  url      = {<Go to ISI>://WOS:000772401000005},
  year     = {2022},
  type     = {Journal Article}
}

% 6
@article{RN34,
  author  = {Zhang, J. Andrew and Liu, Fan and Masouros, Christos and Heath, Robert W. and Feng, Zhiyong and Zheng, Le and Petropulu, Athina},
  journal = {IEEE Journal of Selected Topics in Signal Processing},
  title   = {An Overview of Signal Processing Techniques for Joint Communication and Radar Sensing},
  year    = {2021},
  volume  = {15},
  number  = {6},
  pages   = {1295-1315},
  doi     = {10.1109/JSTSP.2021.3113120}
}

% 1
@article{sun2021review,
  title     = {Review of underwater sensing technologies and applications},
  author    = {Sun, Kai and Cui, Weicheng and Chen, Chi},
  journal   = {Sensors},
  volume    = {21},
  number    = {23},
  pages     = {7849},
  year      = {2021},
  publisher = {MDPI}
}

% 2
@article{mignerey2022experimental,
  title     = {Experimental Demonstration of an Autonomous Distributed-Consensus Network for Underwater Passive-  Acoustic Detection},
  author    = {Mignerey, Peter C and Emokpae, Lloyd E and Schindall, Jeffrey A and Edelmann, Geoffrey F and Finette, Steven},
  journal   = {IEEE Journal of Oceanic Engineering},
  volume    = {47},
  number    = {4},
  pages     = {1155--1171},
  year      = {2022},
  publisher = {IEEE}
}
